<?xml version="1.0"?>
<collection xmlns="http://www.loc.gov/MARC21/slim">
  <record>
    <leader>02673cas a2200649 a 4500</leader>
    <controlfield tag="001">ciusnewsletter00cana_19</controlfield>
    <controlfield tag="003">CaSfIA</controlfield>
    <controlfield tag="005">20161013191505.0</controlfield>
    <controlfield tag="007">cr||||||||||||</controlfield>
    <controlfield tag="008">040514c20029999abcfr     o   0   a0eng  </controlfield>
    <datafield tag="016" ind1=" " ind2=" ">
      <subfield code="a">20043006655</subfield>
    </datafield>
    <datafield tag="022" ind1="0" ind2=" ">
      <subfield code="a">1711-7615</subfield>
      <subfield code="y">1485-7979</subfield>
    </datafield>
    <datafield tag="035" ind1=" " ind2=" ">
      <subfield code="a">ocm55949897</subfield>
    </datafield>
    <datafield tag="040" ind1=" " ind2=" ">
      <subfield code="a">CaOONL</subfield>
      <subfield code="b">eng</subfield>
      <subfield code="c">CaOONL</subfield>
      <subfield code="d">AEU</subfield>
      <subfield code="d">CaSfIA</subfield>
    </datafield>
    <datafield tag="041" ind1="0" ind2=" ">
      <subfield code="a">eng</subfield>
      <subfield code="a">ukr</subfield>
    </datafield>
    <datafield tag="042" ind1=" " ind2=" ">
      <subfield code="a">nlc</subfield>
      <subfield code="a">isds/c</subfield>
    </datafield>
    <datafield tag="043" ind1=" " ind2=" ">
      <subfield code="a">n-cn-ab</subfield>
      <subfield code="a">e-ur-un</subfield>
    </datafield>
    <datafield tag="055" ind1="0" ind2="1">
      <subfield code="a">DK508.48</subfield>
    </datafield>
    <datafield tag="082" ind1="0" ind2=" ">
      <subfield code="a">947.7/0071/1712334</subfield>
      <subfield code="2">22</subfield>
    </datafield>
    <datafield tag="090" ind1=" " ind2=" ">
      <subfield code="a">DK 508 A2 C225</subfield>
      <subfield code="b">AEU</subfield>
    </datafield>
    <datafield tag="210" ind1="0" ind2=" ">
      <subfield code="a">CIUS newsl.</subfield>
    </datafield>
    <datafield tag="222" ind1=" " ind2="0">
      <subfield code="a">CIUS newsletter</subfield>
    </datafield>
    <datafield tag="245" ind1="0" ind2="0">
      <subfield code="a">CIUS newsletter /</subfield>
      <subfield code="h">[electronic resource] </subfield>
      <subfield code="c">Canadian Institute of Ukrainian Studies.</subfield>
    </datafield>
    <datafield tag="246" ind1="1" ind2="5">
      <subfield code="a">Bi&#x361;uleten&#x2B9; KIUSU</subfield>
    </datafield>
    <datafield tag="260" ind1=" " ind2=" ">
      <subfield code="a">Edmonton :</subfield>
      <subfield code="b">Canadian Institute of Ukranian Studies,</subfield>
      <subfield code="c">[2002 or 2003]-</subfield>
    </datafield>
    <datafield tag="300" ind1=" " ind2=" ">
      <subfield code="a">v. :</subfield>
      <subfield code="b">ill. ;</subfield>
      <subfield code="c">28 cm.</subfield>
    </datafield>
    <datafield tag="310" ind1=" " ind2=" ">
      <subfield code="a">Semiannual</subfield>
    </datafield>
    <datafield tag="336" ind1=" " ind2=" ">
      <subfield code="a">text</subfield>
      <subfield code="b">txt</subfield>
      <subfield code="2">rdacontent</subfield>
    </datafield>
    <datafield tag="337" ind1=" " ind2=" ">
      <subfield code="a">unmediated</subfield>
      <subfield code="b">n</subfield>
      <subfield code="2">rdamedia</subfield>
    </datafield>
    <datafield tag="338" ind1=" " ind2=" ">
      <subfield code="a">volume</subfield>
      <subfield code="b">nc</subfield>
      <subfield code="2">rdacarrier</subfield>
    </datafield>
    <datafield tag="500" ind1=" " ind2=" ">
      <subfield code="a">Description based on: Fall 2003.</subfield>
    </datafield>
    <datafield tag="500" ind1=" " ind2=" ">
      <subfield code="a">Title from caption.</subfield>
    </datafield>
    <datafield tag="546" ind1=" " ind2=" ">
      <subfield code="a">Text in English and Ukrainian on inverted pages.</subfield>
    </datafield>
    <datafield tag="596" ind1=" " ind2=" ">
      <subfield code="a">43</subfield>
    </datafield>
    <datafield tag="599" ind1=" " ind2=" ">
      <subfield code="a">43</subfield>
      <subfield code="b">2014;</subfield>
      <subfield code="b">2013;</subfield>
      <subfield code="b">2012;</subfield>
    </datafield>
    <datafield tag="610" ind1="2" ind2="0">
      <subfield code="a">Canadian Institute of Ukrainian Studies</subfield>
      <subfield code="v">Periodicals.</subfield>
    </datafield>
    <datafield tag="610" ind1="2" ind2="6">
      <subfield code="a">Canadian Institute of Ukrainian Studies</subfield>
      <subfield code="v">P&#xE9;riodiques.</subfield>
    </datafield>
    <datafield tag="651" ind1=" " ind2="0">
      <subfield code="a">Ukraine</subfield>
      <subfield code="x">Study and teaching (Higher)</subfield>
      <subfield code="z">Canada</subfield>
      <subfield code="v">Periodicals.</subfield>
    </datafield>
    <datafield tag="651" ind1=" " ind2="6">
      <subfield code="a">Ukraine</subfield>
      <subfield code="x">&#xC9;tude et enseignement (Sup&#xE9;rieur)</subfield>
      <subfield code="z">Canada</subfield>
      <subfield code="v">P&#xE9;riodiques.</subfield>
    </datafield>
    <datafield tag="710" ind1="2" ind2=" ">
      <subfield code="a">Canadian Institute of Ukrainian Studies.</subfield>
    </datafield>
    <datafield tag="780" ind1="0" ind2="0">
      <subfield code="t">Annual review (Canadian Institute of Ukrainian Studies)</subfield>
      <subfield code="d">Edmonton : Canadian Institute of Ukranian Studies, [1996 or 1997-2001 or 2002]</subfield>
      <subfield code="x">1485-7979</subfield>
      <subfield code="w">(CaOONL) 993009239</subfield>
      <subfield code="w">(OCoLC)ocm43826914</subfield>
    </datafield>
    <datafield tag="856" ind1="4" ind2="1">
      <subfield code="u">http://archive.org/details/ciusnewsletter00cana_19</subfield>
      <subfield code="z">Free eBook from the Internet Archive</subfield>
    </datafield>
  </record>
</collection>
